<?xml version="1.0" encoding="UTF-8"?><OAI-PMH xsi:schemaLocation="http://www.openarchives.org/OAI/2.0/ http://www.openarchives.org/OAI/2.0/OAI-PMH.xsd" xmlns="http://www.openarchives.org/OAI/2.0/" xmlns:xsi="http://www.w3.org/2001/XMLSchema-instance">
  <responseDate>2021-01-28T18:55:29Z</responseDate>
  <request verb="ListRecords" metadataPrefix="marc21" set="blacklight4">https://na03.alma.exlibrisgroup.com/view/oai/01GALI_EMORY/request</request>
<ListRecords><record><header status="deleted"><identifier>oai:alma.01GALI_EMORY:990000954720302486</identifier><datestamp>2021-02-18T21:30:24Z</datestamp><setSpec>blacklight4</setSpec></header></record><record><header><identifier>oai:alma.01GALI_EMORY:990005651670302486</identifier><datestamp>2021-02-18T21:43:14Z</datestamp><setSpec>blacklight4</setSpec></header><metadata>
<record xmlns="http://www.loc.gov/MARC21/slim" xmlns:xsi="http://www.w3.org/2001/XMLSchema-instance" xsi:schemaLocation="http://www.loc.gov/MARC21/slim http://www.loc.gov/standards/marcxml/schema/MARC21slim.xsd" ><leader>01218dam a2200361Ii 4500</leader><controlfield tag="005">20210218162942.0</controlfield><controlfield tag="008">800617s1935    nyu      d    000 0 eng d</controlfield><controlfield tag="001">990005651670302486</controlfield><datafield tag="050" ind1=" " ind2="4"><subfield code="a">PS1097</subfield><subfield code="b">.D4 1926</subfield></datafield><datafield tag="082" ind1="0" ind2="4"><subfield code="a">818.407</subfield><subfield code="b">B588d, 1935</subfield></datafield><datafield tag="100" ind1="1" ind2=" "><subfield code="a">Bierce, Ambrose,</subfield><subfield code="d">1842-1914?</subfield><subfield code="0">(uri) http://id.loc.gov/authorities/names/n79100683</subfield><subfield code="0">(uri) http://viaf.org/viaf/sourceID/LC|n79100683</subfield></datafield><datafield tag="245" ind1="1" ind2="4"><subfield code="a">Suppressed Test</subfield></datafield><datafield tag="264" ind1=" " ind2="1"><subfield code="a">[New York] :</subfield><subfield code="b">A. &amp; C. Boni,</subfield><subfield code="c">[1935]</subfield></datafield><datafield tag="300" ind1=" " ind2=" "><subfield code="a">11-376 pages ;</subfield><subfield code="c">21 cm</subfield></datafield><datafield tag="336" ind1=" " ind2=" "><subfield code="a">text</subfield><subfield code="b">txt</subfield><subfield code="2">rdacontent</subfield></datafield><datafield tag="337" ind1=" " ind2=" "><subfield code="a">unmediated</subfield><subfield code="b">n</subfield><subfield code="2">rdamedia</subfield></datafield><datafield tag="338" ind1=" " ind2=" "><subfield code="a">volume</subfield><subfield code="b">nc</subfield><subfield code="2">rdacarrier</subfield></datafield><datafield tag="490" ind1="1" ind2=" "><subfield code="a">Bonibooks</subfield><subfield code="0">(uri) http://id.loc.gov/authorities/names/nr97032507</subfield><subfield code="0">(uri) http://viaf.org/viaf/sourceID/LC|nr97032507</subfield></datafield><datafield tag="650" ind1=" " ind2="0"><subfield code="a">English language</subfield><subfield code="v">Dictionaries</subfield><subfield code="v">Humor.</subfield><subfield code="0">(uri) http://id.loc.gov/authorities/subjects/sh2009124970</subfield></datafield><datafield tag="650" ind1=" " ind2="0"><subfield code="a">English language</subfield><subfield code="x">Semantics</subfield><subfield code="v">Humor.</subfield><subfield code="0">(uri) http://id.loc.gov/authorities/subjects/sh85043413</subfield></datafield><datafield tag="650" ind1=" " ind2="0"><subfield code="a">Vocabulary</subfield><subfield code="v">Humor.</subfield><subfield code="0">(uri) http://id.loc.gov/authorities/subjects/sh2010117990</subfield></datafield><datafield tag="650" ind1=" " ind2="7"><subfield code="a">English language.</subfield><subfield code="2">fast</subfield><subfield code="0">(OCoLC)fst00910920</subfield><subfield code="0">(uri) http://id.worldcat.org/fast/fst00910920</subfield></datafield><datafield tag="650" ind1=" " ind2="7"><subfield code="a">English language</subfield><subfield code="x">Semantics.</subfield><subfield code="2">fast</subfield><subfield code="0">(OCoLC)fst00911631</subfield><subfield code="0">(uri) http://id.worldcat.org/fast/fst00911631</subfield></datafield><datafield tag="650" ind1=" " ind2="7"><subfield code="a">Vocabulary.</subfield><subfield code="2">fast</subfield><subfield code="0">(OCoLC)fst01168328</subfield><subfield code="0">(uri) http://id.worldcat.org/fast/fst01168328</subfield></datafield><datafield tag="655" ind1=" " ind2="7"><subfield code="a">Humor.</subfield><subfield code="2">fast</subfield><subfield code="0">(OCoLC)fst01423696</subfield><subfield code="0">(uri) http://id.worldcat.org/fast/fst01423696</subfield></datafield><datafield tag="776" ind1="0" ind2="8"><subfield code="i">Online version:</subfield><subfield code="a">Bierce, Ambrose, 1842-1914?</subfield><subfield code="t">Devil's dictionary.</subfield><subfield code="d">[New York] : A. &amp; C. Boni, [1935]</subfield><subfield code="w">(OCoLC)760283019</subfield></datafield><datafield tag="830" ind1=" " ind2="0"><subfield code="a">Bonibooks.</subfield><subfield code="0">(uri) http://id.loc.gov/authorities/names/nr97032507</subfield><subfield code="0">(uri) http://viaf.org/viaf/sourceID/LC|nr97032507</subfield></datafield><datafield tag="910" ind1=" " ind2=" "><subfield code="a">RDA ENRICHED</subfield></datafield><datafield tag="910" ind1=" " ind2=" "><subfield code="a">MARS</subfield></datafield><datafield tag="940" ind1=" " ind2=" "><subfield code="a">COVID19</subfield></datafield><datafield tag="945" ind1=" " ind2=" "><subfield code="a">EMU</subfield><subfield code="b">lah</subfield><subfield code="2">20130103</subfield></datafield><datafield tag="945" ind1=" " ind2=" "><subfield code="a">9DT</subfield><subfield code="2">19940531</subfield></datafield><datafield tag="994" ind1=" " ind2=" "><subfield code="a">C0</subfield><subfield code="b">EMU</subfield></datafield></record>
</metadata></record>